@article{xgboost-aki-dka,
  title   = {Predicting the risk factors of diabetic ketoacidosis-associated acute kidney injury: A machine learning approach using XGBoost},
  author  = {Fan and Wang and Li and Kang and Wang and Zhang},
  journal = {Frontiers in Public Health},
  year    = {2023},
  url     = {https://www.frontiersin.org/journals/public-health/articles/10.3389/fpubh.2023.1087297/full},
}

@article{monogram-aki-dka,
  title   = {Nomogram to predict the risk of acute kidney injury in patients with diabetic ketoacidosis: an analysis of the MIMIC-III database},
  author  = {Fan, Tingting
             and Wang, Haosheng
             and Wang, Jiaxin
             and Wang, Wenrui
             and Guan, Haifei
             and Zhang, Chuan},
  journal = {BMC Endocrine Disorders},
  year    = {2021},
  url     = {https://bmcendocrdisord.biomedcentral.com/articles/10.1186/s12902-021-00696-8},
  month   = {03},
  day     = {04},
  volume  = {21},
  number  = {1},
}

@article{kdigo-aki-guideline,
  title   = {KDIGO clinical practice guideline for acute kidney injury},
  author  = {KDIGO Group and others},
  journal = {Kidney Int. Suppl.},
  volume  = {2},
  pages   = {1},
  year    = {2012},
}

@misc{vn-dka-3.5-2019,
  title        = {Việt Nam có khoảng 3,5 triệu người sống chung với đái tháo đường
                  },
  howpublished = {Cổng thông tin điện tử Bộ Y tế },
  url          = {https://moh.gov.vn/chuong-trinh-muc-tieu-quoc-gia/-/asset_publisher/7ng11fEWgASC/content/viet-nam-co-khoang-3-5-trieu-nguoi-song-chung-voi-ai-thao-uong},
  urldate      = {2024-05-03},
}

@misc{vn-dka-predict-6.3-2045,
  title        = {Báo động tới năm 2045, Việt Nam có khoảng 6,3 triệu người mắc ĐTĐ
                  },
  howpublished = {Cổng thông tin điện tử Bộ Y tế },
  url          = {https://moh.gov.vn/hoat-dong-cua-lanh-dao-bo/-/asset_publisher/TW6LTp1ZtwaN/content/bao-ong-toi-nam-2045-viet-nam-co-khoang-6-3-trieu-nguoi-mac-t-},
  urldate      = {2024-05-03},
}

@misc{vn-dka-7-2023,
  title        = {Việt Nam hiện tỷ lệ người mắc bệnh đái tháo đường đang gia tăng nhanh
                  },
  howpublished = {Cổng thông tin điện tử Bộ Y tế },
  url          = {https://moh.gov.vn/tin-noi-bat/-/asset_publisher/3Yst7YhbkA5j/content/viet-nam-hien-ty-le-nguoi-mac-benh-ai-thao-uong-ang-gia-tang-nhanh},
  urldate      = {2024-05-03},
}

@article{aki-dka-risk,
  author   = {Chen, Junzhe
              and Zeng, Honghui
              and Ouyang, Xia
              and Zhu, Mingsheng
              and Huang, Qiuyan
              and Yu, Wenjuan
              and Ling, Li
              and Lan, Hui-yao
              and Xu, Anping
              and Tang, Ying},
  title    = {The incidence, risk factors, and long-term outcomes of acute kidney injury in hospitalized diabetic ketoacidosis patients},
  journal  = {BMC Nephrology},
  year     = {2020},
  month    = {Feb},
  day      = {12},
  volume   = {21},
  number   = {1},
  pages    = {48},
  abstract = {Emerging evidence has demonstrated that acute kidney injury (AKI) is an important risk factor associated with increased morbidity and mortality in diabetic ketoacidosis (DKA) patients. The current study aimed to investigate the incidence rate, risk factors, long-term renal outcomes, and mortality in DKA patients with AKI.},
  issn     = {1471-2369},
  doi      = {10.1186/s12882-020-1709-z},
  url      = {https://doi.org/10.1186/s12882-020-1709-z},
}

@article{aus+nz-dka-icu-increase,
  author   = {Venkatesh, Balasubramanian
              and Pilcher, David
              and Prins, John
              and Bellomo, Rinaldo
              and Morgan, Thomas John
              and Bailey, Michael},
  title    = {Incidence and outcome of adults with diabetic ketoacidosis admitted to ICUs in Australia and New Zealand},
  journal  = {Critical Care},
  year     = {2015},
  month    = {Dec},
  day      = {15},
  volume   = {19},
  number   = {1},
  pages    = {451},
  abstract = {Over the last two decades, there have been several improvements in the management of diabetes. Whether this has impacted on the epidemiology and outcome of diabetic ketoacidosis (DKA) requiring intensive care unit (ICU) admission is unknown.},
  issn     = {1364-8535},
  doi      = {10.1186/s13054-015-1171-7},
  url      = {https://doi.org/10.1186/s13054-015-1171-7},
}

@book{dka-info,
  author    = {Shereen Abdelghaffar},
  title     = {Diabetic Ketoacidosis: Clinical Practice Guidelines},
  booktitle = {Type 1 Diabetes},
  publisher = {IntechOpen},
  address   = {Rijeka},
  year      = {2013},
  editor    = {Alan P. Escher and Alice Li},
  chapter   = {10},
  doi       = {10.5772/53020},
  url       = {https://doi.org/10.5772/53020},
}

@inproceedings{xgboost-source,
  author    = {Chen, Tianqi and Guestrin, Carlos},
  title     = {{XGBoost}: A Scalable Tree Boosting System},
  booktitle = {Proceedings of the 22nd ACM SIGKDD International Conference on Knowledge Discovery and Data Mining},
  series    = {KDD '16},
  year      = {2016},
  isbn      = {978-1-4503-4232-2},
  location  = {San Francisco, California, USA},
  pages     = {785--794},
  numpages  = {10},
  url       = {http://doi.acm.org/10.1145/2939672.2939785},
  doi       = {10.1145/2939672.2939785},
  acmid     = {2939785},
  publisher = {ACM},
  address   = {New York, NY, USA},
  keywords  = {large-scale machine learning},
}

﻿@article{other-xgboost-aki,
  author   = {Tseng, Po-Yu
              and Chen, Yi-Ting
              and Wang, Chuen-Heng
              and Chiu, Kuan-Ming
              and Peng, Yu-Sen
              and Hsu, Shih-Ping
              and Chen, Kang-Lung
              and Yang, Chih-Yu
              and Lee, Oscar Kuang-Sheng},
  title    = {Prediction of the development of acute kidney injury following cardiac surgery by machine learning},
  journal  = {Critical Care},
  year     = {2020},
  month    = {07},
  day      = {31},
  volume   = {24},
  number   = {1},
  pages    = {478},
  abstract = {Cardiac surgery--associated acute kidney injury (CSA-AKI) is a major complication that results in increased morbidity and mortality after cardiac surgery. Most established prediction models are limited to the analysis of nonlinear relationships and fail to fully consider intraoperative variables, which represent the acute response to surgery. Therefore, this study utilized an artificial intelligence--based machine learning approach thorough perioperative data-driven learning to predict CSA-AKI.},
  issn     = {1364-8535},
  doi      = {10.1186/s13054-020-03179-9},
  url      = {https://doi.org/10.1186/s13054-020-03179-9},
}

﻿@article{other-xgboost-mimic,
  author   = {Hou, Nianzong
              and Li, Mingzhe
              and He, Lu
              and Xie, Bing
              and Wang, Lin
              and Zhang, Rumin
              and Yu, Yong
              and Sun, Xiaodong
              and Pan, Zhengsheng
              and Wang, Kai},
  title    = {Predicting 30-days mortality for MIMIC-III patients with sepsis-3: a machine learning approach using XGboost},
  journal  = {Journal of Translational Medicine},
  year     = {2020},
  month    = {12},
  day      = {07},
  volume   = {18},
  number   = {1},
  pages    = {462},
  abstract = {Sepsis is a significant cause of mortality in-hospital, especially in ICU patients. Early prediction of sepsis is essential, as prompt and appropriate treatment can improve survival outcomes. Machine learning methods are flexible prediction algorithms with potential advantages over conventional regression and scoring system. The aims of this study were to develop a machine learning approach using XGboost to predict the 30-days mortality for MIMIC-III Patients with sepsis-3 and to determine whether such model performs better than traditional prediction models.},
  issn     = {1479-5876},
  doi      = {10.1186/s12967-020-02620-5},
  url      = {https://doi.org/10.1186/s12967-020-02620-5},
}

@article{other-xgboost-mimic-2,
  title    = {Machine learning prediction models and nomogram to predict the risk of in-hospital death for severe DKA: A clinical study based on MIMIC-IV, eICU databases, and a college hospital ICU},
  journal  = {International Journal of Medical Informatics},
  volume   = {174},
  pages    = {105049},
  year     = {2023},
  issn     = {1386-5056},
  doi      = {https://doi.org/10.1016/j.ijmedinf.2023.105049},
  url      = {https://www.sciencedirect.com/science/article/pii/S1386505623000679},
  author   = {Wanqiu Xie and Yue Li and Xianglin Meng and Mingyan Zhao},
  keywords = {Diabetes, Diabetic ketoacidosis, Nomogram, Machine learning},
}

@misc{tabpfn,
  doi       = {10.48550/ARXIV.2207.01848},
  url       = {https://arxiv.org/abs/2207.01848},
  author    = {Hollmann, Noah and Müller, Samuel and Eggensperger, Katharina and Hutter, Frank},
  keywords  = {Machine Learning (cs.LG), Machine Learning (stat.ML), FOS: Computer and information sciences, FOS: Computer and information sciences},
  title     = {TabPFN: A Transformer That Solves Small Tabular Classification Problems in a Second},
  publisher = {arXiv},
  year      = {2022},
  copyright = {arXiv.org perpetual, non-exclusive license},
  urldate   = {2024-05-20},
}

@inproceedings{GRANDE-source,
  title     = {{GRANDE}: Gradient-Based Decision Tree Ensembles},
  author    = {Sascha Marton and Stefan L{\"u}dtke and Christian Bartelt and Heiner Stuckenschmidt},
  booktitle = {The Twelfth International Conference on Learning Representations},
  year      = {2024},
  url       = {https://openreview.net/forum?id=XEFWBxi075},
}


%%%%% Examples %%%%%

% %|%article{harris2009cloud,
%   title={Cloud Computing-an overview},
%   author={Harris, Torry},
%   journal={Whitepaper, Torry Harris Bussiness Solutins (January 2010)},
%   year={2009},
%   url={https://www.torryharris.com/downloads/Cloud-Computing-Overview.pdf}
% }

% %|%article{ashton2009internet,
%   title={That ‘internet of things’ thing},
%   author={Ashton, Kevin and others},
%   journal={RFID journal},
%   volume={22},
%   number={7},
%   pages={97--114},
%   year={2009},
%   publisher={Hauppauge, New York}
% }

% %|%inproceedings{scott2013sdn,
%   title={SDN security: A survey},
%   author={Scott-Hayward, Sandra and O'Callaghan, Gemma and Sezer, Sakir},
%   booktitle={2013 IEEE SDN For Future Networks and Services (SDN4FNS)},
%   pages={1--7},
%   year={2013},
%   organization={IEEE}
% }

% %|%article{hovy1993automated,
%   title={Automated discourse generation using discourse structure relations},
%   author={Hovy, Eduard H},
%   journal={Artificial intelligence},
%   volume={63},
%   number={1-2},
%   pages={341--385},
%   year={1993},
%   publisher={Elsevier Science Publishers}
% }

% %|%book{peterson2007computer,
%   title={Computer networks: a systems approach},
%   author={Peterson, Larry L and Davie, Bruce S},
%   year={2007},
%   publisher={Elsevier}
% }

% %|%book{NguyenThucHai,
%   title={Mạng máy tính và các hệ thống mở},
%   author={Nguyễn Thúc Hải},
%   year={1999},
%   publisher={Nhà xuất bản giáo dục}
% }

% %|%inproceedings{poesio2001discourse,
%   title={Discourse structure and anaphoric accessibility},
%   author={Poesio, Massimo and Di Eugenio, Barbara},
%   booktitle={{ESSLLI} workshop on information structure, discourse structure and discourse semantics, Copenhagen, Denmark},
%   pages={129--143},
%   year={2001}
% }

% %|%phdthesis{knott1996data,
%   author  = {Knott, Alistair},
%   title   = {A data-driven methodology for motivating a set of coherence relations},
%   school  = {The University of Edinburgh, {UK}},
%   year    = {1996}
% }

% %|%misc{BernersTim,
%   author = {Berners-Lee, Tim},
%   title = {Hypertext Transfer Protocol ({HTTP})},
%   url = {ftp:/info.cern.ch/pub/www/doc/http-spec.txt.Z},
%   urldate = {2010-09-30}
% }


% %|%misc{LectureA,
%   author = {{Princeton University}},
%   title = {WordNet},
%   urldate = {2010-09-30},
%    url = {http://www.cogsci.princeton.edu/~wn/index.shtml}
% }


